
@article{stiglitz_pareto_2018,
	title = {Pareto efficient taxation and expenditures: {Pre}- and re-distribution},
	volume = {162},
	issn = {00472727},
	shorttitle = {Pareto efficient taxation and expenditures},
	url = {https://linkinghub.elsevier.com/retrieve/pii/S0047272718300069},
	doi = {10.1016/j.jpubeco.2018.01.006},
	language = {en},
	urldate = {2025-04-18},
	journal = {Journal of Public Economics},
	author = {Stiglitz, J.E.},
	month = jun,
	year = {2018},
	pages = {101--119},
	file = {Volltext:C\:\\Users\\ASUS\\Zotero\\storage\\C2KWFZLZ\\Stiglitz - 2018 - Pareto efficient taxation and expenditures Pre- and re-distribution.pdf:application/pdf},
}

@article{atkinson_structure_1972,
	title = {The structure of indirect taxation and economic efficiency},
	volume = {1},
	copyright = {https://www.elsevier.com/tdm/userlicense/1.0/},
	issn = {00472727},
	url = {https://linkinghub.elsevier.com/retrieve/pii/0047272772900217},
	doi = {10.1016/0047-2727(72)90021-7},
	language = {en},
	number = {1},
	urldate = {2025-04-19},
	journal = {Journal of Public Economics},
	author = {Atkinson, A.B. and Stiglitz, J.E.},
	month = apr,
	year = {1972},
	pages = {97--119},
}

@book{atkinson_lectures_1980,
	address = {New York},
	title = {Lectures on {Public} {Economics}},
	publisher = {McGraw-Hill},
	author = {Atkinson, A.B. and Stiglitz, J.E.},
	year = {1980},
}

@article{chari_optimality_1996,
	title = {Optimality of the {Friedman} rule in economies with distorting taxes},
	volume = {37},
	issn = {03043932},
	url = {https://linkinghub.elsevier.com/retrieve/pii/S0304393296900343},
	doi = {10.1016/S0304-3932(96)90034-3},
	language = {en},
	number = {2},
	urldate = {2025-04-19},
	journal = {Journal of Monetary Economics},
	author = {Chari, V.V and Christiano, Lawrence J and Kehoe, Patrick J},
	month = apr,
	year = {1996},
	pages = {203--223},
	file = {Eingereichte Version:C\:\\Users\\ASUS\\Zotero\\storage\\GBIA7HT7\\Chari et al. - 1996 - Optimality of the Friedman rule in economies with distorting taxes.pdf:application/pdf},
}

@article{barro_determination_1979,
	title = {On the {Determination} of the {Public} {Debt}},
	volume = {87},
	issn = {0022-3808, 1537-534X},
	url = {https://www.journals.uchicago.edu/doi/10.1086/260807},
	doi = {10.1086/260807},
	language = {en},
	number = {5, Part 1},
	urldate = {2025-04-19},
	journal = {Journal of Political Economy},
	author = {Barro, Robert J.},
	month = oct,
	year = {1979},
	pages = {940--971},
	file = {Eingereichte Version:C\:\\Users\\ASUS\\Zotero\\storage\\QTDGIUFU\\Barro - 1979 - On the Determination of the Public Debt.pdf:application/pdf},
}

@article{lucas_optimal_1983,
	title = {Optimal fiscal and monetary policy in an economy without capital},
	volume = {12},
	copyright = {https://www.elsevier.com/tdm/userlicense/1.0/},
	issn = {03043932},
	url = {https://linkinghub.elsevier.com/retrieve/pii/0304393283900491},
	doi = {10.1016/0304-3932(83)90049-1},
	language = {en},
	number = {1},
	urldate = {2025-04-19},
	journal = {Journal of Monetary Economics},
	author = {Lucas, Robert E. and Stokey, Nancy L.},
	month = jan,
	year = {1983},
	pages = {55--93},
	file = {Eingereichte Version:C\:\\Users\\ASUS\\Zotero\\storage\\BMKAFLZH\\Lucas und Stokey - 1983 - Optimal fiscal and monetary policy in an economy without capital.pdf:application/pdf},
}

@article{judd_redistributive_1985,
	title = {Redistributive taxation in a simple perfect foresight model},
	volume = {28},
	copyright = {https://www.elsevier.com/tdm/userlicense/1.0/},
	issn = {00472727},
	url = {https://linkinghub.elsevier.com/retrieve/pii/0047272785900209},
	doi = {10.1016/0047-2727(85)90020-9},
	language = {en},
	number = {1},
	urldate = {2025-04-19},
	journal = {Journal of Public Economics},
	author = {Judd, Kenneth L.},
	month = oct,
	year = {1985},
	pages = {59--83},
	file = {Eingereichte Version:C\:\\Users\\ASUS\\Zotero\\storage\\KYJUU6RX\\Judd - 1985 - Redistributive taxation in a simple perfect foresight model.pdf:application/pdf},
}

@article{chamley_optimal_1986,
	title = {Optimal {Taxation} of {Capital} {Income} in {General} {Equilibrium} with {Infinite} {Lives}},
	volume = {54},
	issn = {00129682},
	url = {https://www.jstor.org/stable/1911310?origin=crossref},
	doi = {10.2307/1911310},
	number = {3},
	urldate = {2025-04-19},
	journal = {Econometrica},
	author = {Chamley, Christophe},
	month = may,
	year = {1986},
	pages = {607},
}

@incollection{chari_chapter_1999,
	title = {Chapter 26 {Optimal} fiscal and monetary policy},
	volume = {1},
	isbn = {978-0-444-50158-5},
	url = {https://linkinghub.elsevier.com/retrieve/pii/S1574004899100399},
	language = {en},
	urldate = {2025-04-19},
	booktitle = {Handbook of {Macroeconomics}},
	publisher = {Elsevier},
	author = {Chari, V.V. and Kehoe, Patrick J.},
	year = {1999},
	doi = {10.1016/S1574-0048(99)10039-9},
	pages = {1671--1745},
	file = {Eingereichte Version:C\:\\Users\\ASUS\\Zotero\\storage\\9XD2IYHD\\Chari und Kehoe - 1999 - Chapter 26 Optimal fiscal and monetary policy.pdf:application/pdf},
}

@book{prest_public_1967,
	address = {London},
	title = {Public {Finance} in {Theory} and {Practice}},
	publisher = {Weidenfeld and Nicolson},
	author = {Prest, Alan R.},
	year = {1967},
}
